<?xml version="1.0" encoding="UTF-8"?><collection xmlns="http://www.loc.gov/MARC21/slim"><record><leader>00538nam--2200205-u-4500</leader><controlfield tag="001">000051223</controlfield><controlfield tag="002">20161230</controlfield><controlfield tag="005">20170205010629</controlfield><controlfield tag="008">080602s1000------------r-----000-0-eng-d</controlfield><datafield ind1=" " ind2=" " tag="020"><subfield code="a">3-7643-6608-7</subfield></datafield><datafield ind1=" " ind2=" " tag="040"><subfield code="a">IFIN-HH</subfield></datafield><datafield ind1=" " ind2=" " tag="080"><subfield code="a">514</subfield></datafield><datafield ind1=" " ind2=" " tag="100"><subfield code="a">Landsman, N. P</subfield></datafield><datafield ind1="1" ind2="0" tag="245"><subfield code="a">Quantization of Singular Symplectic Quotients</subfield></datafield><datafield ind1=" " ind2=" " tag="260"><subfield code="a">Basel</subfield><subfield code="b">Birkhause Verlag</subfield><subfield code="c">2001</subfield></datafield><datafield ind1=" " ind2=" " tag="300"><subfield code="a">355 p</subfield></datafield><datafield ind1=" " ind2=" " tag="490"><subfield code="a">Progress in Mathematics</subfield><subfield code="v">vol. 198</subfield></datafield><datafield ind1="1" ind2=" " tag="700"><subfield code="a">Schlichenmaier, Martin</subfield></datafield><datafield ind1=" " ind2=" " tag="852"><subfield code="a">81638</subfield><subfield code="c">513</subfield></datafield><datafield ind1=" " ind2=" " tag="CAT"><subfield code="a">SYS</subfield><subfield code="c">20170205</subfield><subfield code="h">010629</subfield></datafield></record></collection>